<record><leader>00000cas a2200000 a 4500</leader><controlfield tag="001">45847612</controlfield><controlfield tag="008">010205c20019999wiuwr n  w    0   a0eng c</controlfield><datafield ind1=" " ind2=" " tag="010"><subfield code="a">  2001211587</subfield></datafield><datafield ind1=" " ind2=" " tag="040"><subfield code="a">GZL</subfield><subfield code="b">eng</subfield><subfield code="c">GZL</subfield><subfield code="d">NSD</subfield><subfield code="d">OCLCQ</subfield><subfield code="d">OCLCF</subfield><subfield code="d">OCLCO</subfield><subfield code="d">GZL</subfield></datafield><datafield ind1=" " ind2=" " tag="012"><subfield code="m">y</subfield></datafield><datafield ind1="0" ind2=" " tag="022"><subfield code="a">1534-1917</subfield><subfield code="l">1534-1917</subfield><subfield code="y">1085-8458</subfield><subfield code="2">1</subfield></datafield><datafield ind1=" " ind2=" " tag="032"><subfield code="a">000857</subfield><subfield code="b">USPS</subfield></datafield><datafield ind1=" " ind2=" " tag="042"><subfield code="a">nsdp</subfield><subfield code="a">pcc</subfield></datafield><datafield ind1=" " ind2=" " tag="043"><subfield code="a">n-us-wi</subfield></datafield><datafield ind1=" " ind2="4" tag="050"><subfield code="a">KFW2447</subfield><subfield code="b">.W57</subfield></datafield><datafield ind1="1" ind2="0" tag="082"><subfield code="a">347</subfield><subfield code="2">13</subfield></datafield><datafield ind1="0" ind2=" " tag="210"><subfield code="a">Wis. law j.</subfield></datafield><datafield ind1=" " ind2="0" tag="222"><subfield code="a">Wisconsin law journal</subfield></datafield><datafield ind1="0" ind2="0" tag="245"><subfield code="a">Wisconsin law journal.</subfield></datafield><datafield ind1=" " ind2=" " tag="260"><subfield code="a">Milwaukee, Wis. :</subfield><subfield code="b">Daily Reporter Pub. Co.,</subfield><subfield code="c">&#169;2001-</subfield></datafield><datafield ind1=" " ind2=" " tag="300"><subfield code="a">volumes ;</subfield><subfield code="c">28-43 cm</subfield></datafield><datafield ind1=" " ind2=" " tag="310"><subfield code="a">Weekly,</subfield><subfield code="b">2016-</subfield></datafield><datafield ind1=" " ind2=" " tag="321"><subfield code="a">Weekly,</subfield><subfield code="b">2001-July 2011</subfield></datafield><datafield ind1=" " ind2=" " tag="321"><subfield code="a">Monthly,</subfield><subfield code="b">Aug. 2011-2015</subfield></datafield><datafield ind1=" " ind2=" " tag="336"><subfield code="a">text</subfield><subfield code="b">txt</subfield><subfield code="2">rdacontent</subfield></datafield><datafield ind1=" " ind2=" " tag="337"><subfield code="a">unmediated</subfield><subfield code="b">n</subfield><subfield code="2">rdamedia</subfield></datafield><datafield ind1=" " ind2=" " tag="338"><subfield code="a">volume</subfield><subfield code="b">nc</subfield><subfield code="2">rdacarrier</subfield></datafield><datafield ind1="0" ind2=" " tag="362"><subfield code="a">Vol. 15, no. 5 (Jan. 31, 2001)-</subfield></datafield><datafield ind1=" " ind2=" " tag="500"><subfield code="a">Title from caption.</subfield></datafield><datafield ind1=" " ind2=" " tag="500"><subfield code="a">"Section Two contains the full texts of important opinions from the U.S. Seventh Circuit Court of Appeals, U.S. District Courts (E. and W. Districts), Bankruptcy Courts (E. and W. Districts), and all Wisconsin Supreme Court and Wisconsin Court of Appeals opinions, as well as Judicial Commission complaints and petitions"--P. [1C].</subfield></datafield><datafield ind1=" " ind2=" " tag="500"><subfield code="a">Beginning with Feb. 2014 issue, changed from newspaper format to magazine format; changed back to newspaper in 2016.</subfield></datafield><datafield ind1=" " ind2=" " tag="580"><subfield code="a">Includes MBA messenger as insert, beginning with v. 16, no. 46 (Nov. 13, 2002) until v. 21, no. 50 (Dec. 10, 2007).</subfield></datafield><datafield ind1=" " ind2=" " tag="588"><subfield code="a">Latest issue consulted: Volume 31, no. 14 (April 5, 2017).</subfield></datafield><datafield ind1=" " ind2="0" tag="650"><subfield code="a">Law reports, digests, etc.</subfield><subfield code="z">Wisconsin.</subfield></datafield><datafield ind1=" " ind2="7" tag="650"><subfield code="a">Law reports, digests, etc.</subfield><subfield code="2">fast</subfield><subfield code="0">(OCoLC)fst00994106</subfield></datafield><datafield ind1=" " ind2="7" tag="651"><subfield code="a">Wisconsin.</subfield><subfield code="2">fast</subfield><subfield code="0">(OCoLC)fst01204595</subfield></datafield><datafield ind1="1" ind2=" " tag="710"><subfield code="a">Wisconsin.</subfield><subfield code="b">Supreme Court.</subfield></datafield><datafield ind1="1" ind2=" " tag="710"><subfield code="a">Wisconsin.</subfield><subfield code="b">Court of Appeals.</subfield></datafield><datafield ind1="0" ind2="8" tag="776"><subfield code="i">Online version:</subfield><subfield code="t">Wisconsin law journal (Online)</subfield><subfield code="w">(OCoLC)61313827</subfield></datafield><datafield ind1="0" ind2="8" tag="777"><subfield code="i">Issued with:</subfield><subfield code="t">MBA messenger</subfield><subfield code="w">(OCoLC)26862005</subfield></datafield><datafield ind1="0" ind2="0" tag="780"><subfield code="t">Wisconsin opinions (Milwaukee, Wis.)</subfield><subfield code="x">1085-8458</subfield><subfield code="w">(DLC)  2001211587</subfield><subfield code="w">(OCoLC)33316119</subfield></datafield><datafield ind1="1" ind2=" " tag="029"><subfield code="a">AU@</subfield><subfield code="b">000022442617</subfield></datafield><datafield ind1="1" ind2=" " tag="029"><subfield code="a">NZ1</subfield><subfield code="b">16068376</subfield></datafield></record>